@article{DBLP:journals/csur/BiddleCO12,
  author    = {Robert Biddle and
               Sonia Chiasson and
               Paul C. van Oorschot},
  title     = {Graphical passwords: Learning from the first twelve years},
  journal   = {{ACM} Comput. Surv.},
  volume    = {44},
  number    = {4},
  pages     = {19:1--19:41},
  year      = {2012},
  url       = {http://doi.acm.org/10.1145/2333112.2333114},
  doi       = {10.1145/2333112.2333114},
  timestamp = {Mon, 09 Jan 2017 15:02:21 +0100},
  biburl    = {http://dblp.org/rec/bib/journals/csur/BiddleCO12},
  bibsource = {dblp computer science bibliography, http://dblp.org}
}

@misc{Passfaces,
   author = {Passfaces Corporation},
   title = {The science behind Passfaces},
   howpublished = {http://www.passfaces.com/enterprise/resources/},
   year = {2009}
}

@inproceedings{DBLP:conf/uss/JermynMMRR99,
  author    = {Ian Jermyn and
               Alain J. Mayer and
               Fabian Monrose and
               Michael K. Reiter and
               Aviel D. Rubin},
  title     = {The Design and Analysis of Graphical Passwords},
  booktitle = {Proceedings of the 8th {USENIX} Security Symposium, Washington, D.C.,
               August 23-26, 1999},
  year      = {1999},
  url       = {https://www.usenix.org/conference/8th-usenix-security-symposium/design-and-analysis-graphical-passwords},
  timestamp = {Fri, 19 Aug 2016 15:38:02 +0200},
  biburl    = {http://dblp.org/rec/bib/conf/uss/JermynMMRR99},
  bibsource = {dblp computer science bibliography, http://dblp.org}
}

@inproceedings{DBLP:conf/soups/WiedenbeckWBBM05,
  author    = {Susan Wiedenbeck and
               Jim Waters and
               Jean{-}Camille Birget and
               Alex Brodskiy and
               Nasir D. Memon},
  title     = {Authentication using graphical passwords: effects of tolerance and
               image choice},
  booktitle = {Proceedings of the 1st Symposium on Usable Privacy and Security, {SOUPS}
               2005, Pittsburgh, Pennsylvania, USA, July 6-8, 2005},
  pages     = {1--12},
  year      = {2005},
  url       = {http://doi.acm.org/10.1145/1073001.1073002},
  doi       = {10.1145/1073001.1073002},
  timestamp = {Tue, 08 Jul 2008 19:09:04 +0200},
  biburl    = {http://dblp.org/rec/bib/conf/soups/WiedenbeckWBBM05},
  bibsource = {dblp computer science bibliography, http://dblp.org}
}

@article{DBLP:journals/iacr/LiS05,
  author    = {Shujun Li and
               Heung{-}Yeung Shum},
  title     = {Secure Human-Computer Identification (Interface) Systems against Peeping
               Attacks: SecHCI},
  journal   = {{IACR} Cryptology ePrint Archive},
  volume    = {2005},
  pages     = {268},
  year      = {2005},
  url       = {http://eprint.iacr.org/2005/268},
  timestamp = {Thu, 08 Jun 2017 14:26:43 +0200},
  biburl    = {http://dblp.org/rec/bib/journals/iacr/LiS05},
  bibsource = {dblp computer science bibliography, http://dblp.org}
}

@inproceedings{Hopper:2001:SHI:647097.717000,
 author = {Hopper, Nicholas J. and Blum, Manuel},
 title = {Secure Human Identification Protocols},
 booktitle = {Proceedings of the 7th International Conference on the Theory and Application of Cryptology and Information Security: Advances in Cryptology},
 series = {ASIACRYPT '01},
 year = {2001},
 isbn = {3-540-42987-5},
 pages = {52--66},
 numpages = {15},
 url = {http://dl.acm.org/citation.cfm?id=647097.717000},
 acmid = {717000},
 publisher = {Springer-Verlag},
 address = {London, UK, UK},
} 

@article{DBLP:journals/mta/LuoY16,
  author    = {Jia{-}Ning Luo and
               Ming{-}Hour Yang},
  title     = {A mobile authentication system resists to shoulder-surfing attacks},
  journal   = {Multimedia Tools Appl.},
  volume    = {75},
  number    = {22},
  pages     = {14075--14087},
  year      = {2016},
  url       = {https://doi.org/10.1007/s11042-015-3129-9},
  doi       = {10.1007/s11042-015-3129-9},
  timestamp = {Sun, 28 May 2017 13:22:30 +0200},
  biburl    = {http://dblp.org/rec/bib/journals/mta/LuoY16},
  bibsource = {dblp computer science bibliography, http://dblp.org}
}

@article{DBLP:journals/ijmms/AngeliCJR05,
  author    = {Antonella De Angeli and
               Lynne M. Coventry and
               Graham Johnson and
               Karen Renaud},
  title     = {Is a picture really worth a thousand words? Exploring the feasibility
               of graphical authentication systems},
  journal   = {International Journal of Man-Machine Studies},
  volume    = {63},
  number    = {1-2},
  pages     = {128--152},
  year      = {2005},
  url       = {https://doi.org/10.1016/j.ijhcs.2005.04.020},
  doi       = {10.1016/j.ijhcs.2005.04.020},
  timestamp = {Sat, 20 May 2017 00:25:08 +0200},
  biburl    = {http://dblp.org/rec/bib/journals/ijmms/AngeliCJR05},
  bibsource = {dblp computer science bibliography, http://dblp.org}
}

@inproceedings{Brostoff2010Evaluating,
  title={Evaluating the usability and security of a graphical one-time PIN system},
  author={Brostoff, Sacha and Inglesant, Philip and Sasse, M. Angela},
  booktitle={Bcs Interaction Specialist Group Conference},
  pages={88-97},
  year={2010},
}

@misc{chollet2015keras,
  title={Keras},
  author={Chollet, Fran\c{c}ois and others},
  year={2015},
  publisher={GitHub},
  howpublished={https://github.com/fchollet/keras},
}

@inproceedings{DBLPOF15,
  author    = {Yuma Higashiyama and
               Naoto Yanai and
               Shingo Okamura and
               Toru Fujiwara},
  title     = {Revisiting Authentication with Shoulder-Surfing Resistance for Smartphones},
  booktitle = {Third International Symposium on Computing and Networking, {CANDAR}
               2015, Sapporo, Hokkaido, Japan, December 8-11, 2015},
  pages     = {89--95},
  year      = {2015},
  url       = {https://doi.org/10.1109/CANDAR.2015.107},
  doi       = {10.1109/CANDAR.2015.107},
  timestamp = {Wed, 24 May 2017 08:27:16 +0200},
  biburl    = {http://dblp.org/rec/bib/conf/ic-nc/HigashiyamaYOF15},
  bibsource = {dblp computer science bibliography, http://dblp.org}
}

@inproceedings{DBLPHK17,
  author    = {Ruide Zhang and
               Ning Zhang and
               Changlai Du and
               Wenjing Lou and
               Y. Thomas Hou and
               Yuichi Kawamoto},
  title     = {AugAuth: Shoulder-surfing resistant authentication for augmented reality},
  booktitle = {{IEEE} International Conference on Communications, {ICC} 2017, Paris,
               France, May 21-25, 2017},
  pages     = {1--6},
  year      = {2017},
  url       = {https://doi.org/10.1109/ICC.2017.7997251},
  doi       = {10.1109/ICC.2017.7997251},
  timestamp = {Fri, 04 Aug 2017 13:37:15 +0200},
  biburl    = {http://dblp.org/rec/bib/conf/icc/ZhangZDLHK17},
  bibsource = {dblp computer science bibliography, http://dblp.org}
}

@inproceedings{DBLPJW17,
  author    = {Anindya Maiti and
               Murtuza Jadliwala and
               Chase Weber},
  title     = {Preventing shoulder surfing using randomized augmented reality keyboards},
  booktitle = {2017 {IEEE} International Conference on Pervasive Computing and Communications
               Workshops, PerCom Workshops 2017, Kona, Big Island, HI, USA, March
               13-17, 2017},
  pages     = {630--635},
  year      = {2017},
  url       = {https://doi.org/10.1109/PERCOMW.2017.7917636},
  doi       = {10.1109/PERCOMW.2017.7917636},
  timestamp = {Thu, 11 May 2017 14:24:41 +0200},
  biburl    = {http://dblp.org/rec/bib/conf/percom/MaitiJW17},
  bibsource = {dblp computer science bibliography, http://dblp.org}
}
@misc{gys,
  title={Graphical passwords},
  author={Yushuo Guan and others},
  year={2017},
  publisher={GitHub},
  howpublished={https://github.com/PkuDavidGuan/graphical-password},
}
@inproceedings{DBLP:conf/uss/MelicherUSKBCC16,
  author    = {William Melicher and
               Blase Ur and
               Sean M. Segreti and
               Saranga Komanduri and
               Lujo Bauer and
               Nicolas Christin and
               Lorrie Faith Cranor},
  title     = {Fast, Lean, and Accurate: Modeling Password Guessability Using Neural
               Networks},
  booktitle = {25th {USENIX} Security Symposium, {USENIX} Security 16, Austin, TX,
               USA, August 10-12, 2016.},
  pages     = {175--191},
  year      = {2016},
  url       = {https://www.usenix.org/conference/usenixsecurity16/technical-sessions/presentation/melicher},
  timestamp = {Mon, 05 Sep 2016 15:43:05 +0200},
  biburl    = {http://dblp.org/rec/bib/conf/uss/MelicherUSKBCC16},
  bibsource = {dblp computer science bibliography, http://dblp.org}
}
@article{DBLP:journals/corr/BlockiBD14,
  author    = {Jeremiah Blocki and
               Manuel Blum and
               Anupam Datta},
  title     = {Human Computable Passwords},
  journal   = {CoRR},
  volume    = {abs/1404.0024},
  year      = {2014},
  url       = {http://arxiv.org/abs/1404.0024},
  archivePrefix = {arXiv},
  eprint    = {1404.0024},
  timestamp = {Wed, 07 Jun 2017 14:41:23 +0200},
  biburl    = {http://dblp.org/rec/bib/journals/corr/BlockiBD14},
  bibsource = {dblp computer science bibliography, http://dblp.org}
}
@article{DBLP:journals/corr/abs-1709-00440,
  author    = {Briland Hitaj and
               Paolo Gasti and
               Giuseppe Ateniese and
               Fernando P{\'{e}}rez{-}Cruz},
  title     = {PassGAN: {A} Deep Learning Approach for Password Guessing},
  journal   = {CoRR},
  volume    = {abs/1709.00440},
  year      = {2017},
  url       = {http://arxiv.org/abs/1709.00440},
  archivePrefix = {arXiv},
  eprint    = {1709.00440},
  timestamp = {Thu, 05 Oct 2017 09:42:51 +0200},
  biburl    = {http://dblp.org/rec/bib/journals/corr/abs-1709-00440},
  bibsource = {dblp computer science bibliography, http://dblp.org}
}
@article{DBLP:journals/cacm/Anderson94a,
  author    = {Ross J. Anderson},
  title     = {Why Cryptosystems Fail},
  journal   = {Commun. {ACM}},
  volume    = {37},
  number    = {11},
  pages     = {32--40},
  year      = {1994},
  url       = {http://doi.acm.org/10.1145/188280.188291},
  doi       = {10.1145/188280.188291},
  timestamp = {Tue, 07 Jun 2011 16:52:34 +0200},
  biburl    = {http://dblp.org/rec/bib/journals/cacm/Anderson94a},
  bibsource = {dblp computer science bibliography, http://dblp.org}
}
@article{DBLP:journals/ijics/Renaud09,
  author    = {Karen Renaud},
  title     = {Guidelines for designing graphical authentication mechanism interfaces},
  journal   = {{IJICS}},
  volume    = {3},
  number    = {1},
  pages     = {60--85},
  year      = {2009},
  url       = {https://doi.org/10.1504/IJICS.2009.026621},
  doi       = {10.1504/IJICS.2009.026621},
  timestamp = {Sat, 27 May 2017 14:24:11 +0200},
  biburl    = {http://dblp.org/rec/bib/journals/ijics/Renaud09},
  bibsource = {dblp computer science bibliography, http://dblp.org}
}
@book{Raaijmakers1992Models,
  title={Models for recall and recognition.},
  author={Raaijmakers, J. G. and Shiffrin, R. M.},
  publisher={University Park Press,},
  pages={205-34},
  year={1992}
}
@article{DBLP:journals/corr/GoodfellowPMXWOCB14,
  author    = {Ian J. Goodfellow and
               Jean Pouget{-}Abadie and
               Mehdi Mirza and
               Bing Xu and
               David Warde{-}Farley and
               Sherjil Ozair and
               Aaron C. Courville and
               Yoshua Bengio},
  title     = {Generative Adversarial Networks},
  journal   = {CoRR},
  volume    = {abs/1406.2661},
  year      = {2014},
  url       = {http://arxiv.org/abs/1406.2661},
  archivePrefix = {arXiv},
  eprint    = {1406.2661},
  timestamp = {Wed, 07 Jun 2017 14:40:14 +0200},
  biburl    = {http://dblp.org/rec/bib/journals/corr/GoodfellowPMXWOCB14},
  bibsource = {dblp computer science bibliography, http://dblp.org}
}